%PART II
@ARTICLE{adams,
    author = {J. F. Adams},
    title = {On the structure and applications of the Steenrod algebra},
    journal = {Comm. Math. Helv.},
    volume = {32},
    year = {1958},
    pages = {180--214},
    url = {https://people.math.rochester.edu/faculty/doug/otherpapers/Adams-SS.pdf},
}
@MISC{adams2,
    author = {J. F. Adams},
    title = {S.P. Novikov's work on operations on complex cobordism},
    school = {University of Chicago},
    year = {1967},
    url ={},
}
@ARTICLE{adams3,
    author = {J.F. Adams},
    title = {Lectures on generalized cohomology},
    journal = {Lecture Notes in Mathematics},
    volume = {99},
    publisher = {Springer-Verlag Berlin-Heidelberg-New York},
    year = {1969},
    url= {https://link.springer.com/chapter/10.1007/BFb0081960},
}

@ARTICLE{atiyahbott,
    author = {M.F. Atiyah and R. Bott},
    title = {On the periodiccity theorem for complex vector bundles},
    journal = {Acta Math.},
    volume = {112},
    year = {1964},
    pages = {229--247},
    url = {https://www.maths.ed.ac.uk/~v1ranick/papers/abott3.pdf}
}

@MISC{boardman,
    author = {J.M. Boardman},
    title = {Thesis},
    location = {Cambridge},
    year = {1964},
}


@ARTICLE{boardman2,
    author = {J.M. Boardman},
    title = {Stable homotopy theory},
    note = {mimeographed notes},
    institution = {University of Warwick},
    year = {1965},
    url= {https://dmitripavlov.org/scans/boardman.pdf},
}

@ARTICLE{brownpeterson,
    author = {E. H. Brown Jr. and F. P. Peterson},
    title = {A spectrum whose $\mathbb Z_p$ cohomology is the algebra of reduced $p$-th powers},
    journal = {Topology},
    volume = {5},
    year = {1966},
    pages = {149--154},
    url = {https://www.sciencedirect.com/science/article/pii/0040938366900152},
}

@ARTICLE{frolich,
    author = {A. Frölich},
    title = {Formal Groups},
    journal = {Lecture Notes in Mathematics},
    volume = {74},
    year = {1968},
    publisher = {Springer-Verlag Berlin-Heidelberg-New York},
    url = {https://people.math.rochester.edu/faculty/doug/otherpapers/Frohlich.pdf}
}

@ARTICLE{hattori,
    author = {A. Hattori},
    title = {Integral characteristic numbers for weakly almost complex manifolds},
    journal = {Topology},
    volume = {5},
    year = {1966},
    pages = {259--280},
    url = {https://www.sciencedirect.com/science/article/pii/0040938366900103},
}

@ARTICLE{lazard,
    author = {M. Lazard},
    title = {Sur les groupes de Lie formels à un paramètre},
    journal = {Bull. Soc. Math. France},
    volume = {83},
    year = {1955},
    pages = {251--274},
    url = {http://www.numdam.org/item/10.24033/asens.1021.pdf},
}

@ARTICLE{milnor,
    author = {J. W. Milnor},
    title = {The Steenrod algebra and its dual},
    journal = {Annals of Math.},
    volume = {67},
    year = {1958},
    pages = {150--171},
    url = {https://people.math.rochester.edu/faculty/doug/otherpapers/Milnor-A.pdf},
}

@ARTICLE{milnor2,
    author = {J. W. Milnor},
    title = {On the cobordism $\Omega^\ast$ and a complex analogue},
    journal = {Amer. Jour. Math},
    volume = {82},
    year = {1960},
    pages = {505--521},
    url = {https://www.jstor.org/stable/2372970},
}
 
@ARTICLE{novikov,
    author = {S.P. Novikov},
    title = {The methods of algebraic topology from the viewpoint of cobordism theories (translated)},
    url = {https://math.mit.edu/~hrm/18.917/novikov-methods-algebraic-topology.pdf},
    year= {1963},
    journal = {Math. USSR - Izvestija},
    volume = {31},
}
@ARTICLE{novikov-original,
    author = {S.P. Novikov},
    title = {The methods of algebraic topology from the viewpoint of cobordism theories},
    url = {http://www.mathnet.ru/php/archive.phtml?wshow=paper&jrnid=im&paperid=2568&option_lang=rus},
    year= {1963},
    journal = {Math. USSR - Izvestija},
    volume = {31},
}

@ARTICLE{quillen,
    author = {D. Quillen},
    title = {On the formal group laws of unoriented and complex cobordism theory},
    journal = {Bull. Amer. Math. Soc},
    volume = {75},
    year = {1969},
    pages = {1293--1298},
    url = {https://www.ams.org/journals/bull/1969-75-06/S0002-9904-1969-12401-8/S0002-9904-1969-12401-8.pdf},
}

@MISC{smith,
    author = {L. Smith},
    note = {Private communication},
}

@ARTICLE{stong,
    author = {R.E. Stong},
    title = {Relations among characteristic numbers I},
    journal = {Topology},
    volume = {4},
    year = {1965},
    pages = {267--281},
    url={https://core.ac.uk/download/pdf/82486667.pdf}
}

@ARTICLE{whitehead,
    author = {G.W. Whitehead},
    title = {Generalized homology theories},
    journal = {Trans. Amer. Math. Soc},
    volume = {102},
    year = {1962},
    pages = {227--283},
    url = {https://www.ams.org/journals/tran/1962-102-02/S0002-9947-1962-0137117-6/S0002-9947-1962-0137117-6.pdf},
}

%PART III

%[the first reference is repeated from Part II and has been omitted for now]

@ARTICLE{atiyahhirzebruch,
    author = {M.F. Atiyah and F. Hirzebruch},
    title = {Riemann-Roch theorems for differentiable manifolds},
    journal = {Bull. AMS},
    volume = {65},
    year = {1959},
    pages = {276--281},
    url = {https://www.ams.org/journals/bull/1959-65-04/S0002-9904-1959-10344-X/S0002-9904-1959-10344-X.pdf},
}

@Article{brown,
    author = {E. H. Brown},
    title = {Cohomology Theories},
    journal = {Annals of Mathmatics},
    volume = {75},
    year = {1961},
    pages = {467-484},
    url = {https://www.maths.ed.ac.uk/~v1ranick/papers/brown3.pdf},
}

@ARTICLE{connerfloyd,
    author = {P.E. Conner and E.E. Floyd},
    title = {The Relation of Cobordism to K-theories},
    journal = {Lecture Notes in Mathematics},
    volume = {28},
    year = {1966},
    publisher = {Springer-Verlag Berlin-Heidelberg-New York},
    url = {https://www.maths.ed.ac.uk/~v1ranick/surgery/cf.pdf},
}

@BOOK{eilenbergsteenrod,
    author = {S. Eilenberg and N.E. Steenrod},
    title = {Foundations of Algebraic Topology},
    publisher = {Princeton University Press},
    location = {Princeton},
    year = {1952},
    url = {https://www.maths.ed.ac.uk/~v1ranick/papers/eilestee.pdf},
}

@PHDTHESIS{lima,
    author = {E.L. Lima},
    title = {Duality and Potnikov invariants},
    school = {University of Chicago},
    address = {Chicago},
    year = {1958},
    url = {https://aareyanmanzoor.github.io/assets/limaT.pdf},
}

@ARTICLE{maclane,
    author = {S. Maclane},
    title = {Natural associativity and commutativity},
    journal = {Rice University Studies},
    volume = {49},
    number = {4},
    year = {1963},
    url = {https://inspirehep.net/files/1e02ad81af7a278f19b217e99715a973},
}


@ARTICLE{massey,
    author = {W.S. Massey},
    title = {Exact couples in algebraic topology},
    journal = {annals of Mathematics},
    voume = {56},
    issue = {2},
    pages = {363-396},
    year = {1952},
    url = {https://www.jstor.org/stable/1969805},
}

@BOOK{moshertangora,
    author = {R. Mosher and M. Tangora},
    title = {Cohomology Operations and Applications in Homotopy Theory},
    publisher = {Harper and Row},
    location = {New York},
    year = {1968},
    url = {https://www.maths.ed.ac.uk/~v1ranick/papers/moshtang.pdf},
}

@ARTICLE{novikov2,
    author = {S.P. Novikov},
    title = {Rings of operations and spectral sequences},
    journal = {Doklady Akademii Nauk SSSR},
    volume = {172},
    year = {1967},
    pages = {33--36},
    url = {http://www.mathnet.ru/php/archive.phtml?wshow=paper&jrnid=dan&paperid=32788&option_lang=eng},
}

%TODO: fix title, this isn't right
@ARTICLE{novikov3,
    author = {S.P. Novikov},
    journal = {Izvestija Akademii Nauk SSSR, Serija Maternaticeskaja},
    volume = {31},
    year = {1967},
    pages = {885--991},
    url = {http://www.mathnet.ru/php/archive.phtml?jrnid=im&wshow=issue&year=1967&volume=31&issue=5},
}

@BOOK{spanier,
    author = {E. H. Spanier},
    title = {Algebraic Topology},
    publisher = {McGraw-Hill},
    location = {New York},
    year = {1966},
    url = {https://link.springer.com/book/10.1007/978-1-4684-9322-1}
}

@BOOK{steenrodepstein,
    author = {N. E. Steenrod and D.B.A Epstein},
    title = {Cohomology Operations},
    publisher = {Princeton University Press},
    location = {Princeton},
    year = {1962},
     url = {https://people.math.rochester.edu/faculty/doug/otherpapers/steenrod-epstein.pdf},
}

@ARTICLE{stong2,
    author = {R. Stong},
    title = {Notes on Cobordism Theory},
    journal = {Math. Notes},
    publisher = {Princeton University Press},
    location = {Princeton},
    year = {1968},
    url = {https://www.maths.ed.ac.uk/~v1ranick/papers/stongcob.pdf},
}

%[this reference is repeated from Part II and has been omitted for now]

@ARTICLE{whitehead2,
    author = {G. W. Whitehead},
    title = {Homotopy Groups of Joints and Unions},
    journal = {Trans. Amer. Math. Soc},
    volume = {83},
    year = {1956},
    pages = {55--69},
    url = {https://www.ams.org/journals/tran/1956-083-01/S0002-9947-1956-0080918-0/S0002-9947-1956-0080918-0.pdf},
}

@Article{Milnor3,
    author = {J. W. Milnor},
    title = {On axiomatic homology theory},
    journal = {Pacific J. Math.)},
    volume = {12},
    year = {1962},
    pages = {337-341},
    url = {https://msp.org/pjm/1962/12-1/pjm-v12-n1-p31-p.pdf},
}

@Article{adams4,
    author = {J. F. Adams},
    title = {A variant of E. H. Brown's representability theorem
Author links open overlay panel},
    journal = {Topology},
    volume = {10},
    year = {1971},
    pages = {185-198},
    url = {https://www.sciencedirect.com/science/article/pii/0040938371900036}
}

@Article{atiyah,
    author = {M. F. Atiyah},
    Title = {Bordism and cobordism},
    year = {1961},
    Journal = {Mathematical Proceedings of the Cambridge Philosophical Society},
    volume = {57},
    pages = {200-208},
    url = {https://www.maths.ed.ac.uk/~v1ranick/papers/atiyahb.pdf},

}

@Article{Dold,
    author = {A. Dold},
    title = {Relations between Ordinary and Extraordinary Cohomolgy},
    journal = {Colloquium on Algebraic topology, Aarhus},
    year = {1962},

}

@Article{Neeman,
    author = {A. Neeman},
    title = {A counterexample to a 1961 “theorem” in homological algebra},
    year = {2002},
    journal = {invent. Math.},
    volume = {148},
    pages = {397-420},
    url = {https://publications.ias.edu/sites/default/files/counterexample.pdf}
}